<?xml version="1.0" encoding="UTF-8"?><collection xmlns="http://www.loc.gov/MARC21/slim"><record><leader>00482nam--2200181-u-4500</leader><controlfield tag="001">000056789</controlfield><controlfield tag="002">20190705</controlfield><controlfield tag="005">20190705051034</controlfield><controlfield tag="008">190705s1000------------r-----000-0-rum-d</controlfield><datafield ind1=" " ind2=" " tag="040"><subfield code="a">IFIN-HH</subfield></datafield><datafield ind1=" " ind2=" " tag="041"><subfield code="a">rum</subfield></datafield><datafield ind1="1" ind2=" " tag="100"><subfield code="a">Brancus, Dan Emil</subfield></datafield><datafield ind1="1" ind2="0" tag="245"><subfield code="a">Fizica solidului. Partea I</subfield><subfield code="c">Dan Emil Brancus</subfield></datafield><datafield ind1=" " ind2=" " tag="260"><subfield code="a">Bucuresti</subfield><subfield code="b">Editura Universitatii din Bucuresti</subfield><subfield code="c">2000</subfield></datafield><datafield ind1=" " ind2=" " tag="300"><subfield code="a">232 p</subfield></datafield><datafield ind1=" " ind2=" " tag="500"><subfield code="a">Donatie Dan Brancus</subfield></datafield><datafield ind1=" " ind2=" " tag="852"><subfield code="a">82734</subfield><subfield code="c">539.2</subfield></datafield><datafield ind1=" " ind2=" " tag="CAT"><subfield code="a">SYS</subfield><subfield code="c">20190705</subfield><subfield code="h">051034</subfield></datafield></record></collection>